@Article{Vincent93a,
  author = 	 {Vincent, L.},
  title = 	 {Morphological Grayscale Reconstruction in Image Analysis: Applications and Efficient Algorithms},
  journal = 	 {IEEE Transactions on Image Processing},
  year = 	 1993,
  volume =	 2,
  number =	 2,
  pages =	 {176-201}
}

@Article{Robinson2004a,
  author = 	 {Robinson, K. and Whelan, P.},
  title = 	 {Efficient Morphological
 * Reconstruction: A Downhill Filter},
  journal = 	 {Pattern Recognition Letters},
  year = 	 2004,
  volume =	 25,
  number =	 15,
  pages =	 {1759-1767}
}

